@online{latex_template,
	title        = {VUB LaTeX huisstijl},
	author       = {De Smet, Ruben},
	year         = 2020,
	url          = {https://gitlab.com/rubdos/texlive-vub},
	urldate      = {2020-11-02},
	note         = {GitHub commit: d91f55...}
}
@online{github_project,
	title        = {Assignment 2 of Software Architecture course},
	author       = {Bontinck, Lennert},
	year         = 2021,
	url          = {https://github.com/pikawika/VUB-SA-assignment-2},
	urldate      = {2021-08-05},
	note         = {GitHub commit: 41cc69e}
}
@online{github_carmeets,
	title        = {CarMeets: Project Web IV 2017-2018 Bontinck Lennert 2TINA},
	author       = {Bontinck, Lennert},
	year         = 2019,
	url          = {https://github.com/pikawika/carmeets},
	urldate      = {2021-07-14},
	note         = {GitHub commit: a6f960b...}
}